% This file was created with JabRef 2.5.
% Encoding: Cp1252

@INCOLLECTION{OpenSolver,
    author = {Mason, AJ},
    title = {OpenSolver – An Open Source Add-in to Solve Linear and Integer Progammes
    in Excel},
    booktitle = {Operations Research Proceedings 2011},
    publisher = {Springer Berlin Heidelberg},
    year = {2012},
    editor = {Klatte, Diethard and Lathi, Hans-Jakob and Schmedders, Karl},
    series = {Operations Research Proceedings},
    pages = {401-406},
    note = {http://opensolver.org},
    doi = {10.1007/978-3-642-29210-1_64},
    isbn = {978-3-642-29209-5},
    language = {English},
    url = {http://dx.doi.org/10.1007/978-3-642-29210-1_64}
}

@article{FraserBMJ,
  title={Time-critical conditions: assessment of burden and access to care using verbal autopsy in Agincourt, South Africa},
  author={Fraser, A and Newberry Le Vay, J and Byass, P and others},
  journal={BMJ Global Health},
  volume={5},
  pages={e002289},
  year={2020},
  publisher={BMJ Journals}
}

@article{ChangPMC,
  title={Burden of emergency conditions and emergency care utilization: New estimates from 40 countries},
  author={Chang, CY and Abujaber, S and Reynolds, TA and Camargo, CA Jr and Obermeyer Z},
  journal={Emergency Medical Journal},
  volume={33},
  pages={794--800},
  year={2016},
  publisher={BMJ Journals}
}

@article{veser2015demographic,
  title={The demographic impact on the demand for emergency medical services in the urban and rural regions of Bavaria, 2012--2032},
  author={Veser, A and Sieber, F and Gro{\ss}, S and Pr{\"u}ckner, S},
  journal={Journal of Public Health},
  volume={23},
  pages={181--188},
  year={2020},
  publisher={Springer}
}

@article{Mclay2010evaluating,
  title={Evaluating emergency medical service performance measures},
  author={McLay, Laura A and Mayorga, Maria E},
  journal={Health care management science},
  volume={13},
  pages={124--136},
  year={2010},
  publisher={Springer}
}

@article{reuter2017logistics,
  title={Logistics for emergency medical service systems},
  author={Reuter-Oppermann, Mand van den Berg, PL and Vile, JL},
  journal={Health Systems},
  volume={6},
  number={3},
  pages={187--208},
  year={2017},
  publisher={Taylor \& Francis}
}

@article{farahani2019or,
  title={OR models in urban service facility location: A critical review of applications and future developments},
  author={Farahani, RZ and Fallah, S and Ruiz, R and Hosseini, S and Asgari, N},
  journal={European journal of operational research},
  volume={276},
  number={1},
  pages={1--27},
  year={2019},
  publisher={Elsevier}
}

@article{plummer2017ems,
  title={{EMS} systems in lower-middle income countries: a literature review},
  author={Suryanto, MN and Plummer, V and Boyle, M and others},
  journal={Prehospital and disaster medicine},
  volume={32},
  number={1},
  pages={64--70},
  year={2017},
  publisher={Cambridge University Press}
}

@article{aringhieri2017emergency,
  title={Emergency medical services and beyond: Addressing new challenges through a wide literature review},
  author={Aringhieri, R and Bruni, ME and Khodaparasti, S and van Essen, JT},
  journal={Computers \& Operations Research},
  volume={78},
  pages={349--368},
  year={2017},
  publisher={Elsevier}
}

@article{wang2021emergency,
  title={Emergency facility location problems in logistics: Status and perspectives},
  author={Wang, W and Wu, S and Wang, S and Zhen, L and Qu, X},
  journal={Transportation research part E: logistics and transportation review},
  volume={154},
  pages={102465},
  year={2021},
  publisher={Elsevier}
}

@article{belanger2019recent,
  title={Recent optimization models and trends in location, relocation, and dispatching of emergency medical vehicles},
  author={B{\'e}langer, V and Ruiz, A and Soriano, P},
  journal={European Journal of Operational Research},
  volume={272},
  number={1},
  pages={1--23},
  year={2019},
  publisher={Elsevier}
}

@article{Liu2021,
  title={Emergency response facility location in transportation networks: A literature review},
  author={Liu, Y and Yuan, Y and Shen, J and Gao, W},
  journal={Journal of traffic and transportation engineering (English edition)},
  volume={8},
  number={2},
  pages={153--169},
  year={2021},
  publisher={Elsevier}
}


@article{Li2011,
  title={Covering models and optimization techniques for emergency response facility location and planning: a review},
  author={Li, X and Zhao, Z and Zhu, X and Wyatt, T},
  journal={Mathematical Methods of Operations Research},
  volume={74},
  pages={281--310},
  year={2011},
  publisher={Springer-Verlag}
}


@article{barker2020reducing,
  title={Reducing C. difficile in children: an agent-based modeling approach to evaluate intervention effectiveness},
  author={Barker, AK and Scaria, E and Alagoz, O and Sethi, AK and Safdar, N},
  journal={Infection Control \& Hospital Epidemiology},
  volume={41},
  number={5},
  pages={522--530},
  year={2020},
  publisher={Cambridge University Press}
}

@article{barker2020evaluation,
  title={Evaluation of the cost-effectiveness of infection control strategies to reduce hospital-onset Clostridioides difficile infection},
  author={Barker, AK and Scaria, E and Safdar, N and Alagoz, O},
  journal={JAMA network open},
  volume={3},
  number={8},
  pages={e2012522--e2012522},
  year={2020},
  publisher={American Medical Association}
}

@article{ozturk2014branch,
  title={A branch and bound based heuristic for makespan minimization of washing operations in hospital sterilization services},
  author={Ozturk, O and Begen, MA and Zaric, GS},
  journal={European Journal of Operational Research},
  volume={239},
  number={1},
  pages={214--226},
  year={2014},
  publisher={Elsevier}
}

@article{ahmed2009simulation,
  title={Simulation optimization for an emergency department healthcare unit in Kuwait},
  author={Ahmed, MA and Alkhamis, TM},
  journal={European Journal of Operational Research},
  volume={198},
  number={3},
  pages={936--942},
  year={2009},
  publisher={Elsevier}
}

@article{el2015stochastic,
  title={A stochastic optimization model for shift scheduling in emergency departments},
  author={El-Rifai, O and Garaix, T and Augusto, V and Xie, X},
  journal={Health Care Management Science},
  volume={18},
  number={3},
  pages={289--302},
  year={2015},
  publisher={Springer}
}

@article{weber2013role,
  title={The role of the surface environment in healthcare-associated infections},
  author={Weber, DJ and Anderson, D and Rutala, WA},
  journal={Current Opinion in Infectious Diseases},
  volume={26},
  number={4},
  pages={338--344},
  year={2013},
  publisher={LWW}
}

@article{gartner2021mathematical,
  title={Mathematical programming for nominating exchange students for international universities: The impact of stakeholders’ objectives and fairness constraints on allocations},
  author={Gartner, D and Kolisch, R},
  journal={Socio-Economic Planning Sciences},
  volume={76},
  pages={100974},
  year={2021},
  publisher={Elsevier}
}

@article{pitt2016systems,
  title={Systems modelling and simulation in health service design, delivery and decision making},
  author={Pitt, M and Monks, T and Crowe, S and Vasilakis, C},
  journal={BMJ Quality \& Safety},
  volume={25},
  number={1},
  pages={38--45},
  year={2016},
  publisher={BMJ Publishing Group Ltd}
}

@article{Monks2019,
  title={Strengthening the reporting of empirical simulation studies: Introducing the STRESS guidelines},
  author={Monks, T and Currie, CSM and Onggo, BS and Robinson, S and Kunc, M and Taylor, SJE},
  journal={Journal of Simulation},
  volume={13},
  number={1},
  pages={55--67},
  year={2019},
  publisher={Taylor \& Francis}
}

@article{wiig2014applying,
  title={Applying different quality and safety models in healthcare improvement work: boundary objects and system thinking},
  author={Wiig, S and Robert, G and Anderson, JE and Pietikainen, E and Reiman, T and Macchi, L and Aase, K},
  journal={Reliability Engineering \& System Safety},
  volume={125},
  pages={134--144},
  year={2014},
  publisher={Elsevier}
}

@article{Newquist2015,
author = {Newquist Tolk, J and Cantu, J and Beruvides, M},
title = {High Reliability Organization Research: A Literature Review for Health Care},
journal = {Engineering Management Journal},
volume = {27},
number = {4},
pages = {218-237},
year  = {2015},
publisher = {Taylor & Francis}
}

% Winter Simulation Proceedings template reference
@ARTICLE{powell2017widening,
  title={Widening requirements capture with soft methods: an investigation of hybrid M\&S studies in health care},
  author={Powell, JH and Mustafee, N},
  journal={Journal of the Operational Research Society},
  volume={68},
  number={10},
  pages={1211--1222},
  year={2017},
  publisher={Taylor \& Francis}
}


% This file was created with JabRef 2.8.1.
% Encoding: Cp1252

@ARTICLE{Akjiratikarl2007,
  author = {Akjiratikarl, C and Yenradee, P and Drake, PR},
  title = {PSO-based algorithm for home care worker scheduling in the UK},
  journal = {Computers and Industrial Engineering},
  year = {2007},
  pages = {559-583},
  number = {53}
}

@article{haque2018health,
  title={Health care-associated infections--an overview},
  author={Haque, M and Sartelli, M and McKimm, J and Bakar, MA},
  journal={Infection and Drug Resistance},
  volume={11},
  pages={2321},
  year={2018},
  publisher={Dove Press}
}

@inproceedings{seckiner2008radiology,
  title={Radiology staff scheduling under the compressed workweeks},
  author={Seckiner, SU and Onay, MB},
  booktitle={2008 IEEE International Conference on Industrial Engineering and Engineering Management},
  pages={1285--1289},
  year={2008},
  organization={IEEE}
}

@inproceedings{mutingi2013home,
  title={Home healthcare staff scheduling: a taxonomic state-of-the-art review},
  author={Mutingi, M and Mbohwa, C},
  booktitle={2013 IEEE International Conference on Industrial Engineering and Engineering Management},
  pages={1107--1111},
  year={2013},
  organization={IEEE}
}

@article{Burke2004,
  title={The state of the art of nurse rostering},
  author={Burke, EK and De Causmaecker, P and Berghe, GV and Van Landeghem, H},
  journal={Journal of Scheduling},
  volume={7},
  number={6},
  pages={441--499},
  year={2004},
  publisher={Springer}
}

@article{Erhard2018,
  title={State of the art in physician scheduling},
  author={Erhard, M and Schoenfelder, J and F{\"u}gener, A and Brunner, JO},
  journal={European Journal of Operational Research},
  volume={265},
  number={1},
  pages={1--18},
  year={2018},
  publisher={Elsevier}
}

@ARTICLE{Brunner2009,
  author = {Brunner, JO and Bard, JF and Kolisch, R},
  title = {Flexible shift scheduling of physicians},
  journal = {Health Care Management Science},
  year = {2009},
  pages = {285-305},
  number = {12}
}

@ARTICLE{Bard2005c,
  author = {Bard, JF},
  title = {Short-term nurse scheduling in response to daily fluctuations in
	supply and demand},
  journal = {IIE Transactions},
  year = {2004},
  pages = {985-997},
  number = {36}
}

@ARTICLE{Bard2005,
  author = {Bard, JF and Purnomo, HW},
  title = {Preference scheduling for nurses using column generation },
  journal = {European Journal of Operational Research },
  year = {2005},
  volume = {164},
  pages = {510 - 534},
  number = {2},
  doi = {http://dx.doi.org/10.1016/j.ejor.2003.06.046},
  issn = {0377-2217},
  keywords = {Nurse scheduling},
  url = {http://www.sciencedirect.com/science/article/pii/S0377221704000657}
}

@ARTICLE{Bard2005b,
  author = {Bard, JF and Purnomo, HW},
  title = {A column generation-based approach to solve the preference scheduling
	problem for nurses with downgrading },
  journal = {Socio-Economic Planning Sciences },
  year = {2005},
  volume = {39},
  pages = {193 - 213},
  number = {3},
  doi = {http://dx.doi.org/10.1016/j.seps.2004.04.001},
  issn = {0038-0121},
  keywords = {Nurse scheduling},
  url = {http://www.sciencedirect.com/science/article/pii/S0038012104000126}
}

@ARTICLE{Bard2012,
  author = {Bard, JF and Shao, Y and Wang, H},
  title = {Weekly scheduling models for traveling therapists},
  journal = {Socio-Economic Planning Sciences},
  year = {2012}
}

@Book{Banks2001,
	author = {Banks, J and Carson, JS and Nelson, BL and Nicol, D},
	title = {Discrete-event system simulation},
	year = {2001},
	publisher = {Prentice-Hall International Series in Industrial and Systems Engineering, Upper Saddle River, New Jersey},
	volume=3
}

@ARTICLE{Beaudry2010,
  author = {Beaudry, A and Laporte, G and Melo, T and Nickel, S},
  title = {Dynamic transportation of patients in hospitals},
  journal = {OR Spectrum},
  year = {2010},
  volume = {32},
  pages = {77-107},
  number = {1}
}

@ARTICLE{Braaksma2012,
  author = {Braaksma, A and Kortbeek, N and Post, G and Nollet, F},
  title = {Integral multidisciplinary rehabilitation treatment planning},
  year = {2012},
  note = {http://eprints.eemcs.utwente.nl/22088/01/memo1985.pdf (last accessed:
	March 13th, 2013)},
  owner = {Daniel},
  timestamp = {2012.09.25}
}

@ARTICLE{Stolletz2012,
  author = {Stolletz, R and Brunner, JO},
  title = {Fair optimization of fortnightly physicians schedules with flexible
	shifts},
  journal = {European Journal of Operational Research},
  year = {2012},
  pages = {622-629},
  number = {219}
}

@ARTICLE{Cardoen2010,
  author = {Cardoen, B and Demeulemeester, E and Beli{\"e}n, J},
  title = {{Operating room planning and scheduling: A literature review}},
  journal = {European Journal of Operational Research},
  year = {2010},
  volume = {201},
  pages = {921-932},
  number = {3}
}

@ARTICLE{Castro2012,
  author = {Castro, E and Petrovic, S},
  title = {{Combined mathematical programming and heuristics for a radiotherapy
	pre-treatment scheduling problem}},
  journal = {Journal of Scheduling},
  year = {2012},
  volume = {15},
  pages = {333-346},
  number = {3}
}

@ARTICLE{Chien2008,
  author = {Chien, CF and Tseng, FP and Chen, CH},
  title = {An evolutionary approach to rehabilitation patient scheduling: A
	case study},
  journal = {European Journal of Operational Research},
  year = {2008},
  volume = {127},
  pages = {1234--1253},
  number = {3}
}

@ARTICLE{Cohn2006,
  author = {Cohn, A and Root, S and Esses, J and Kymissis, C and Westmoreland, N},
  title = {Using mathematical programming to schedule medical residents},
  journal = {Unpublished work},
  year = {2006},
  pages = {1-22}
}

@ARTICLE{Demeester2009,
  author = {Demeester, P and Souffriau, W and De Causmaecker, P and Vanden
	Berghe, G},
  title = {{A hybrid tabu search algorithm for automatically assigning patients
	to beds}},
  journal = AIMED,
  year = {2009},
  volume = {48},
  pages = {61--70},
  number = {1}
}

@ARTICLE{Fiegl2009,
  author = {Fiegl, C and Pontow, C},
  title = {Online scheduling of pick-up and delivery tasks in hospitals},
  journal = {Journal of Biomedical Informatics},
  year = {2009},
  volume = {42},
  pages = {624-632},
  number = {4}
}

@BOOK{Giordano2008,
  title = {{First Course in Mathematical Modeling}},
  publisher = {Brooks/Cole, Cengage Learning},
  year = {2008},
  author = {Giordano, FR and Fox, WP and Horton, SB and Weir, MD},
  address = {Belmont},
  edition = {4th}
}

@ARTICLE{Griffiths2012,
  author = {Griffiths, JD and Williams, JE and Wood, RE},
  title = {Scheduling Physiotherapy Treatment in an Inpatient Setting},
  journal = {Operations Research for Health Care},
  year = {2012},
  volume = {1},
  pages = {65--72},
  number = {4}
}

@ARTICLE{Guerriero2010,
  author = {Guerriero, F and Guido, R},
  title = {{Operational research in the management of the operating theatre:
	A survey}},
  journal = HCMS,
  year = {2011},
  volume = {14},
  pages = {89-114},
  number = {1}
}

@ARTICLE{Hanne2009,
  author = {Hanne, T and Melo, T and Nickel, S},
  title = {Bringing Robustness to Patient Flow Management Through Optimized
	Patient Transports in Hospitals},
  journal = {Interfaces},
  year = {2009},
  volume = {39},
  pages = {241-255},
  number = {3}
}

@ARTICLE{Hulshof2011b,
  author = {Hulshof, PJH and Kortbeek, N and Boucherie, RJ and Hans, EW},
  title = {{Taxonomic classification of planning decisions in health care: A
	review of the state of the art in OR/MS}},
  journal = {Health Systems},
  year = {2012},
  number = 2,
  volume = 1,
  pages={129-175},
  owner = {Daniel},
  timestamp = {2012.08.06}
}

@INCOLLECTION{Hans2011,
  author = {Hans, EW and van Houdenhoven, M and Hulshof, PJH},
  title = {A framework for health care planning and control},
  booktitle = {Decision Engineering for Health Care Delivery},
  publisher = {Springer},
  year = {2011},
  editor = {Hall, Randolph},
  volume = {168},
  series = {Springer International Series in Operations Research \& Management
	Science},
  pages = {303-320}
}

@ARTICLE{Harper2010,
  author = {Harper, PR and Powell, NH and Williams, JE},
  title = {Modelling the size and skill-mix of hospital nursing teams},
  journal = {Journal of the Operational Research Society},
  year = {2009},
  volume = {61},
  pages = {768--779},
  number = {5},
  publisher = {Nature Publishing Group}
}

@ARTICLE{Isken2004,
  author = {Isken, MW},
  title = {An implicit tour scheduling model with applications in healthcare},
  journal = {Annals of Operation Research},
  year = {2004},
  pages = {91-109},
  number = {128}
}

@ARTICLE{vanDenBergh2013,
  author = {Van den Bergh, J and Beli\"{e}n, J and de Bruecker, P and Demeulemeester, E and de Boeck, L},
  title = {Personnel scheduling: A literature review},
  journal = {European Journal of Operational Research},
  year = {2013},
  volume = {226},
  pages = {267-285}
}

@ARTICLE{Kergosien2011,
  author = {Kergosien, Y and Lenté, C and Piton, D and Billaut, JC},
  title = {A tabu search heuristic for the dynamic transportation of patients
	between care units},
  journal = {European Journal of Operational Research},
  year = {2011},
  volume = {214},
  pages = {442 - 452},
  number = {2}
}

@ARTICLE{VandeKlundert2010,
  author = {van de Klundert, J and Gorissen, P and Zeemering, S},
  title = {{Measuring clinical pathway adherence}},
  journal = JBMI,
  year = {2010},
  volume = {43},
  pages = {861-872},
  number = {6},
  owner = {daniel},
  timestamp = {2010.09.09}
}

@ARTICLE{Kone2011,
  author = {Kon\'{e}, O and Artigues, C and Lopez, P and Mongeau, M},
  title = {{Event-based MILP models for resource-constrained project scheduling
	problems}},
  journal = CAOR,
  year = {2011},
  volume = {38},
  pages = {3-13},
  number = {1},
  doi = {DOI: 10.1016/j.cor.2009.12.011}
}

@ARTICLE{Kozan2009,
  author = {Li, Y and Kozan, E},
  title = {Rostering Ambulance Services},
  journal = {Asia-Pacific Industrial Engineering and Management Society},
  year = {2009},
  pages = {795-801},
  number = {9}
}

@BOOK{Nemhauser1999,
  title = {{Integer and Combinatorial Optimization}},
  publisher = {Wiley},
  year = {1999},
  author = {Wolsey, LA and Nemhauser GL},
  address = {New York},
  owner = {Daniel},
  timestamp = {2010.06.21}
}

@BOOK{Neumann2003,
  title = {{Project scheduling with time windows and scarce resources}},
  publisher = {Springer},
  year = {2003},
  author = {Neumann, K and Schwindt, C and Zimmermann, J},
  address = {Berlin},
  edition = {2nd}
}

@ARTICLE{Ogulata2008,
  author = {Ogulata, SN and Koyuncu, M and Karakas, E},
  title = {Personnel and Patient Scheduling in the High Demanded Hospital Services:
	A Case Study in the Physiotherapy Service},
  journal = {Journal of Medical Systems},
  year = {2008},
  volume = {32},
  pages = {221-228},
  number = {3},
  owner = {Daniel},
  timestamp = {2012.09.24}
}

@ARTICLE{Patrick2008,
  author = {Patrick, J and Puterman, ML and Queyranne, M},
  title = {Dynamic multipriority patient scheduling for a diagnostic resource},
  journal = {Operations Research},
  year = {2008},
  volume = {56},
  pages = {15071525},
  number = {6},
  owner = {Daniel},
  timestamp = {2012.07.30}
}

@ARTICLE{Podgorelec1997,
  author = {Podgorelec, V and Kokol, P},
  title = {{Genetic algorithm based system for patient scheduling in highly
	constrained situations.}},
  journal = JMS,
  year = {1997},
  volume = {21},
  pages = {417-427},
  number = {6},
  file = {:papers/Podgorelec1997.pdf:PDF},
  institution = {University of Maribor, Faculty of Electrical Engineering and Computer
	Science, Slovenia.},
  keywords = {Algorithms; Appointments and Schedules; Artificial Intelligence; Expert
	Systems; Humans; Software; Time and Motion Studies},
  owner = {gartner},
  pmid = {9555628},
  timestamp = {2007.09.20}
}

@ARTICLE{Pritsker1969,
  author = {Pritsker, AAB and Watters, L and Wolfe, PM},
  title = {{Multiproject scheduling with limited resources: A zero--one programming
	approach}},
  journal = {Management Science},
  year = {1969},
  volume = {16},
  pages = {93-108},
  number = {1},
  owner = {daniel},
  timestamp = {2008.08.22}
}

@ARTICLE{Schimmelpfeng2011,
  author = {K. Schimmelpfeng and S. Helber and S. Kasper},
  title = {Decision support for rehabilitation hospital scheduling},
  journal = {OR Spectrum},
  year = {2012},
  volume = {34},
  pages = {461-489},
  number = {2}
}

@BOOK{Semmelweis1983,
  title = {The etiology, concept, and prophylaxis of childbed fever},
  publisher = {University of Wisconsin Press},
  year = {1983},
  author = {Semmelweis, IF},
  number = {2}
}

@article{Bard2013,
  title={A sequential GRASP for the therapist routing and scheduling problem},
  author={Bard, JF and Shao, Y and Jarrah, AI},
  journal={Journal of Scheduling},
  pages={1--25},
  year={2013},
  publisher={Springer}
}

@ARTICLE{Shao2012,
  author = {Shao, Y and Bard, JF. and Jarrah, AI},
  title = {The therapist routing and scheduling problem},
  journal = {IIE Transactions},
  year = {2012},
  volume = {44},
  pages = {868-893},
  number = {10}
}

@ARTICLE{Silver2012,
  author = {Silver, J and Nally, K},
  title = {A Growing Need to Address Chronic Pain},
  journal = {{Rehab Management: The Interdisciplinary Journal of Rehabilitation}},
  year = {2012},
  volume = {25},
  pages = {20-25},
  number = {2},
  owner = {Daniel},
  timestamp = {2012.09.14}
}

@ARTICLE{Topaloglu2009,
  author = {Topaloglu, S},
  title = {A shift scheduling model for employees with different seniority levels
	and the application in healthcare},
  journal = {European Journal of Operational Research},
  year = {2009},
  pages = {943-957},
  number = {198}
}

@ARTICLE{Vanberkel2010,
  author = {Vanberkel, PT and Boucherie, RJ and Hans, EW and Hurink, JL
	and Litvak, N},
  title = {{A survey of health care models that encompass multiple departments}},
  journal = IJHMI,
  year = {2010},
  volume = {1},
  pages = {37-69},
  number = {1},
  owner = {Daniel},
  timestamp = {2010.09.08}
}

@ARTICLE{Wright2013,
  author = {Wright, PD and Mahar, S},
  title = {Centralized nurse scheduling to simultaneously improve schedule cost
	and nurse satisfaction },
  journal = {Omega },
  year = {2013},
  volume = {41},
  pages = {1042 - 1052},
  number = {6},
  doi = {http://dx.doi.org/10.1016/j.omega.2012.08.004},
  issn = {0305-0483},
  keywords = {Workforce scheduling},
  url = {http://www.sciencedirect.com/science/article/pii/S0305048312001119}
}

@INPROCEEDINGS{Yalcindag2011,
  author = {Yal\c{c}inda\v{g}, S and Matta, A and \c{S}ahin, E},
  title = {{Human resource scheduling and routing problem in home health care
	context: A literature review}},
  booktitle = {{Operational research informing national health policy -- Proceedings
	of the 37th ORAHS conference}},
  year = {2011},
  editor = {Harper, PR and Knight, VA and Vieira, I and Williams, J},
  address = {Wales},
  publisher = {School of Mathematics, Cardiff University},
  owner = {Daniel},
  timestamp = {2012.09.11}
}

@ARTICLE{Destatis2013,
  title = {{Gesundheit Kostennachweis der Krankenhäuser}},
  author={Stat. Bundesamt},
  year=2013,
  note = {last accessed: July 10th, 2013}
}

@comment{jabref-meta: groupsversion:3;}

@comment{jabref-meta: groupstree:
0 AllEntriesGroup:;
1 ExplicitGroup:Vertical categories\;0\;;
2 ExplicitGroup:Demand characteristics\;0\;;
2 ExplicitGroup:Staff-related characteristics\;0\;;
2 ExplicitGroup:Objectives\;0\;;
1 ExplicitGroup:Horizontal areas\;0\;;
2 ExplicitGroup:Nurses\;0\;;
2 ExplicitGroup:Physicians\;0\;Kozan2009\;;
2 ExplicitGroup:Therapists\;0\;;
}

%% From a quick literature search in Web Of Science
% Joe to update the reference to the article from RN### to something more intuitive the articles below original found for Winter Simulation Conference 2022 Paper 
@article{Brailsford2019,
   author = {Brailsford, SC and Eldabi, T and Kunc, M and Mustafee, N and Osorio, AF},
   title = {Hybrid simulation modelling in operational research: A state-of-the-art review},
   journal = {European Journal of Operational Research},
   volume = {278},
   number = {3},
   pages = {721-737},
   ISSN = {03772217},
   DOI = {10.1016/j.ejor.2018.10.025},
   year = {2019},
   type = {Journal Article}
}

@article{Cole2021,
   author = {Cole, J and Barnard, E},
   title = {The impact of the COVID-19 pandemic on healthcare acquired infections with multidrug resistant organisms},
   journal = {AMERICAN JOURNAL OF INFECTION CONTROL},
   volume = {49},
   number = {5},
   pages = {653-654},
   ISSN = {0196-6553
1527-3296 J9 - AM J INFECT CONTROL},
   DOI = {10.1016/j.ajic.2020.09.013},
   url = {https://www.ncbi.nlm.nih.gov/pmc/articles/PMC7529600/pdf/main.pdf},
   year = {2021},
   type = {Journal Article}
}

@article{Dancer1999,
   author = {Dancer, SJ},
   title = {Mopping up hospital infection},
   journal = {JOURNAL OF HOSPITAL INFECTION},
   volume = {43},
   number = {2},
   pages = {85-100},
   ISSN = {0195-6701
1532-2939 J9 - J HOSP INFECT},
   DOI = {10.1053/jhin.1999.0616},
   url = {https://www.sciencedirect.com/science/article/pii/S0195670199906163?via%3Dihub},
   year = {1999},
   type = {Journal Article}
}

@article{Dancer2009,
   author = {Dancer, SJ},
   title = {The role of environmental cleaning in the control of hospital-acquired infection},
   journal = {JOURNAL OF HOSPITAL INFECTION},
   volume = {73},
   number = {4},
   pages = {378-385},
   ISSN = {0195-6701 J9 - J HOSP INFECT},
   DOI = {10.1016/j.jhin.2009.03.030},
   url = {https://www.sciencedirect.com/science/article/pii/S0195670109001832?via%3Dihub},
   year = {2009},
   type = {Journal Article}
}

@article{Dancer2011,
   author = {Dancer, SJ},
   title = {Hospital cleaning in the 21st century},
   journal = {EUROPEAN JOURNAL OF CLINICAL MICROBIOLOGY \& INFECTIOUS DISEASES},
   volume = {30},
   number = {12},
   pages = {1473-1481},
   ISSN = {0934-9723
1435-4373 J9 - EUR J CLIN MICROBIOL},
   DOI = {10.1007/s10096-011-1250-x},
   url = {https://link.springer.com/content/pdf/10.1007/s10096-011-1250-x.pdf},
   year = {2011},
   type = {Journal Article}
}

@article{Jerry2020,
   author = {Jerry, J and O'Regan, E and O'Sullivan, L and Lynch, M and Brady, D},
   title = {Do established infection prevention and control measures prevent spread of SARS-CoV-2 to the hospital environment beyond the patient room?},
   journal = {Journal of hospital Infection},
   volume = {105},
   number = {4},
   pages = {589-592},
   ISSN = {0195-6701
1532-2939 J9 - J HOSP INFECT},
   DOI = {10.1016/j.jhin.2020.06.026},
   url = {https://www.ncbi.nlm.nih.gov/pmc/articles/PMC7309928/pdf/main.pdf},
   year = {2020},
   type = {Journal Article}
}

@article{Kong2020,
   author = {Kong, QF and Yan, L},
   title = {Prevention and Control Strategies for Coronavirus Disease-2019 in a Tertiary Hospital in the Middle East of China},
   journal = {RISK MANAGEMENT AND HEALTHCARE POLICY},
   volume = {13},
   pages = {1563-1569},
   ISSN = {1179-1594 J9 - RISK MANAG HEALTHC P},
   DOI = {10.2147/RMHP.S265008},
   url = {https://www.dovepress.com/getfile.php?fileID=61418},
   year = {2020},
   type = {Journal Article}
}

@article{Meyer2021,
   author = {Meyer, J and Nippak, P and Cumming, A},
   title = {An evaluation of cleaning practices at a teaching hospital},
   journal = {Americal Journal of Infection Control},
   volume = {49},
   number = {1},
   pages = {40-43},
   ISSN = {0196-6553
1527-3296 J9 - AM J INFECT CONTROL},
   DOI = {10.1016/j.ajic.2020.06.187},
   url = {https://www.ncbi.nlm.nih.gov/pmc/articles/PMC7318966/pdf/main.pdf},
   year = {2021},
   type = {Journal Article}
}

@article{Miranda2018,
   author = {Miranda, J and Rey, PA and Saure, A and Weber, R},
   title = {Metro Uses a Simulation-Optimization Approach to Improve Fare-Collection Shift Scheduling},
   journal = {INTERFACES},
   volume = {48},
   number = {6},
   pages = {529-542},
   ISSN = {0092-2102
1526-551X J9 - INTERFACES},
   DOI = {10.1287/inte.2018.0959},
   year = {2018},
   type = {Journal Article}
}

@article{Wang2018,
   author = {Wang, DY and Morrice, DJ and Muthuraman, K and Bard, JF and Leykum, LK and Noorily, SH},
   title = {Coordinated Scheduling for a Multi-server Network in Outpatient Pre-operative Care},
   journal = {Production and Operations Manmagement},
   volume = {27},
   number = {3},
   pages = {458-479},
   ISSN = {1059-1478
1937-5956 J9 - PROD OPER MANAG},
   DOI = {10.1111/poms.12800},
   year = {2018},
   type = {Journal Article}
}

@article{Xiang2017,
   author = {Xiang, W},
   title = {A multi-objective ACO for operating room scheduling optimization},
   journal = {Natural Computing},
   volume = {16},
   number = {4},
   pages = {607-617},
   ISSN = {1567-7818
1572-9796 J9 - NAT COMPUT},
   DOI = {10.1007/s11047-016-9607-9},
   url = {https://link.springer.com/content/pdf/10.1007/s11047-016-9607-9.pdf},
   year = {2017},
   type = {Journal Article}
}

@article{Yang2021,
   author = {Yang, QX and Wang, AJ and Zhang, XP and Lai, XQ},
   title = {Evaluation of environmental cleaning quality: an observational study at a tertiary hospital in Wuhan, China},
   journal = {Journal of Infection in Developing Countries},
   volume = {15},
   number = {9},
   pages = {1252-+},
   ISSN = {1972-2680 J9 - J INFECT DEV COUNTR},
   DOI = {10.3855/jidc.14453},
   url = {https://jidc.org/index.php/journal/article/download/34669592/2616},
   year = {2021},
   type = {Journal Article}
}

% RESS references from table 1 next three references. DG has already added Wiig et al
@article{Akl2022,
   author = {Akl, AM and El Sawah, S and Chakrabortty, RK and Turan, HH},
   title = {A Joint Optimization of Strategic Workforce Planning and Preventive Maintenance Scheduling: A Simulation–Optimization Approach},
   journal = {Reliability Engineering \& System Safety},
   volume = {219},
   ISSN = {09518320},
   DOI = {10.1016/j.ress.2021.108175},
   year = {2022},
   type = {Journal Article}
}

@article{Turan2020,
   author = {Turan, HH and Atmis, M and Kosanoglu, F and Elsawah, S and Ryan, MJ},
   title = {A risk-averse simulation-based approach for a joint optimization of workforce capacity, spare part stocks and scheduling priorities in maintenance planning},
   journal = {Reliability Engineering \& System Safety},
   volume = {204},
   ISSN = {09518320},
   DOI = {10.1016/j.ress.2020.107199},
   year = {2020},
   type = {Journal Article}
}

@article{Yeh2020,
   author = {Yeh, CT},
   title = {A hybrid approach to solve a bi-objective optimization problem of a capacitated-flow network with a time factor},
   journal = {Reliability Engineering \& System Safety},
   volume = {204},
   ISSN = {09518320},
   DOI = {10.1016/j.ress.2020.107191},
   year = {2020},
   type = {Journal Article}
}

@book{Pidd2004,
   author = {Pidd, M},
   title = {Computer Simulation in Management Science},
   publisher = {Wiley},
   address = {Chichester},
   edition = {5th ed.},
   ISBN = {0470092300},
   year = {2004},
   type = {Book}
}

@book{Robinson2014,
   author = {Robinson, S},
   title = {Simulation: The Practice of Model Development and Use},
   publisher = {Red Globe Press},
   edition = {2nd Edition},
   ISBN = {1137328029 978-1137328021},
   year = {2014},
   type = {Book}
}

@book{Law2014,
   author = {Law, AM},
   title = {Simulation Modeling and Analysis},
   publisher = {McGraw-Hill Education},
   edition = {5th edition},
   ISBN = {978-0073401324},
   year = {2014},
   type = {Book}
}

@book{ZeiglerEtAl2000,
   author = {Zeigler, BP and Praehofer, H and Kim, TG },
   title = {Theory of modeling and simulation : integrating discrete event and continuous complex dynamic systems},
   publisher = {Academic Press},
   address = {San Diego, Calif},
   edition = {2nd ed.},
   ISBN = {0127784551},
   year = {2000},
   type = {Book}
}

@ARTICLE{McCormack2015294,
author={McCormack, R and Coates, G},
title={A simulation model to enable the optimization of ambulance fleet allocation and base station location for increased patient survival},
journal={European Journal of Operational Research},
year={2015},
volume={247},
number={1},
pages={294-309},
doi={10.1016/j.ejor.2015.05.040},
url={https://www.scopus.com/inward/record.uri?eid=2-s2.0-84937526225&doi=10.1016%2fj.ejor.2015.05.040&partnerID=40&md5=ba9ab2086f3cc0cb1dd171495923c74a},
}

@BOOK{Sastry201493,
author={Sastry, K and Goldberg, DE and Kendall, G},
title={Genetic algorithms},
journal={Search Methodologies: Introductory Tutorials in Optimization and Decision Support Techniques, Second Edition},
year={2014},
pages={93-118},
doi={10.1007/978-1-4614-6940-7_4},
url={https://www.scopus.com/inward/record.uri?eid=2-s2.0-84961344004&doi=10.1007%2f978-1-4614-6940-7_4&partnerID=40&md5=17c17effc24727102575c3a27772ddb2},
}

@ARTICLE{Azizan20132620,
author={Azizan, MH and Lim, CS and Hatta, WALWM and Go, TL and Teoh, SS},
title={Simulation of Emergency Medical Services delivery performance based on real map},
journal={International Journal of Engineering and Technology},
year={2013},
volume={5},
number={3},
pages={2620-2627},
url={https://www.scopus.com/inward/record.uri?eid=2-s2.0-84880934799&partnerID=40&md5=2a373044f45156b7e702727a89cc1d1d},
}

@ARTICLE{ShengliPan201234,
author={Shengli Pan, A and Tian, J and Wang, Y},
title={A quick and efficient algorithm to the emergency supplies distribution centers location problem},
journal={3rd Global Congress on Intelligent Systems, GCIS 2012},
year={2012},
pages={34-38}
}

@ARTICLE{Knight2012918,
author={Knight, VA and Harper, PR and Smith, L},
title={Ambulance allocation for maximal survival with heterogeneous outcome measures},
journal={Omega},
year={2012},
volume={40},
number={6},
pages={918-926},
doi={10.1016/j.omega.2012.02.003},
url={https://www.scopus.com/inward/record.uri?eid=2-s2.0-84863413219&doi=10.1016%2fj.omega.2012.02.003&partnerID=40&md5=c4ba0b07a8b1894bde6a237cc2242a4f},
}

@ARTICLE{Knight201258,
author={Knight, VA and Harper, PR},
title={Modelling emergency medical services with phase-type distributions},
journal={Health Systems},
year={2012},
volume={1},
number={1},
pages={58-68},
doi={10.1057/hs.2012.1},
url={https://www.scopus.com/inward/record.uri?eid=2-s2.0-84886801362&doi=10.1057%2fhs.2012.1&partnerID=40&md5=a00337a363482d125b681bdd61f07ad6},
}

@ARTICLE{Vile20121556,
author={Vile, JL and Gillard, JW and Harper, PR and Knight, VA},
title={Predicting ambulance demand using singular spectrum analysis},
journal={Journal of the Operational Research Society},
year={2012},
volume={63},
number={11},
pages={1556-1565},
doi={10.1057/jors.2011.160},
url={https://www.scopus.com/inward/record.uri?eid=2-s2.0-84867170286&doi=10.1057%2fjors.2011.160&partnerID=40&md5=64c2d205ce3e6461769127aec2aed9dc},
}

@ARTICLE{McLay2010124,
author={McLay, LA and Mayorga, ME},
title={Evaluating emergency medical service performance measures},
journal={Health Care Management Science},
year={2010},
volume={13},
number={2},
pages={124-136},
doi={10.1007/s10729-009-9115-x},
url={https://www.scopus.com/inward/record.uri?eid=2-s2.0-77955868780&doi=10.1007%2fs10729-009-9115-x&partnerID=40&md5=3b9ff40d39bad16a35fc18c1f82c890c},
}

@ARTICLE{Bevan2009161,
author={Bevan, G and Hamblin, R},
title={Hitting and missing targets by ambulance services for emergency calls: Effects of different systems of performance measurement within the UK},
journal={Journal of the Royal Statistical Society. Series A: Statistics in Society},
year={2009},
volume={172},
number={1},
pages={161-190},
doi={10.1111/j.1467-985X.2008.00557.x},
url={https://www.scopus.com/inward/record.uri?eid=2-s2.0-57849115761&doi=10.1111%2fj.1467-985X.2008.00557.x&partnerID=40&md5=ec0b2f5948e4fcab5e3bbc97f8bbb3ff},
}

@ARTICLE{Erkut200842,
author={Erkut, E and Ingolfsson, A and Erdogan, G},
title={Ambulance location for maximum survival},
journal={Naval Research Logistics},
year={2008},
volume={55},
number={1},
pages={42-58},
doi={10.1002/nav.20267},
url={https://www.scopus.com/inward/record.uri?eid=2-s2.0-38849174747&doi=10.1002%2fnav.20267&partnerID=40&md5=52db3ffe9fb55ca2cd44a46c40bef586},
}

@ARTICLE{Berman2003474,
author={Berman, O and Krass, D and Drezner, Z},
title={The gradual covering decay location problem on a network},
journal={European Journal of Operational Research},
year={2003},
volume={151},
number={3},
pages={474-480},
doi={10.1016/S0377-2217(02)00604-5},
url={https://www.scopus.com/inward/record.uri?eid=2-s2.0-0043237944&doi=10.1016%2fS0377-2217%2802%2900604-5&partnerID=40&md5=9e2e508137ba409afb8350f02984e0d7},
}

@ARTICLE{Persse200397,
author={Persse, DE and Key, CB and Bradley, RN and Miller, CC and Dhingra, A},
title={Cardiac arrest survival as a function of ambulance deployment strategy in a large urban emergency medical services system},
journal={Resuscitation},
year={2003},
volume={59},
number={1},
pages={97-104},
doi={10.1016/S0300-9572(03)00178-3},
url={https://www.scopus.com/inward/record.uri?eid=2-s2.0-0142027068&doi=10.1016%2fS0300-9572%2803%2900178-3&partnerID=40&md5=9e8124acbc18d85c28e1bfb481cb3c55},
}

@ARTICLE{Valenzuela20001206,
author={Valenzuela, TD and Roe, DJ and Nichol, G and Clark, LL and Spaite, DW and Hardman, RG},
title={Outcomes of rapid defibrillation by security officers after cardiac arrest in casinos},
journal={New England Journal of Medicine},
year={2000},
volume={343},
number={17},
pages={1206-1209},
doi={10.1056/NEJM200010263431701},
url={https://www.scopus.com/inward/record.uri?eid=2-s2.0-0034718964&doi=10.1056%2fNEJM200010263431701&partnerID=40&md5=c10f7beb73c77cd6fec29db7d76cc995},
}

@ARTICLE{Mandell1998355,
author={Mandell, MB},
title={Covering models for two-tiered emergency medical services systems},
journal={Location Science},
year={1998},
volume={6},
number={1-4},
pages={355-368},
doi={10.1016/S0966-8349(98)00058-8},
url={https://www.scopus.com/inward/record.uri?eid=2-s2.0-0001735943&doi=10.1016%2fS0966-8349%2898%2900058-8&partnerID=40&md5=25ac6ee1576fbccc25f66c5b06475af6},
}

@ARTICLE{Marianov1996110,
author={Marianov, V and ReVelle, C},
title={The queueing maximal availability location problem: A model for the siting of emergency vehicles},
journal={European Journal of Operational Research},
year={1996},
volume={93},
number={1},
pages={110-120},
doi={10.1016/0377-2217(95)00182-4},
url={https://www.scopus.com/inward/record.uri?eid=2-s2.0-0030216755&doi=10.1016%2f0377-2217%2895%2900182-4&partnerID=40&md5=82a1efc5cc0f31bc53f4681cc5b6d147},
}

@ARTICLE{Marianov1994167,
author={Marianov, V and Revelle, C},
title={The queuing probabilistic location set covering problem and some extensions},
journal={Socio-Economic Planning Sciences},
year={1994},
volume={28},
number={3},
pages={167-178},
doi={10.1016/0038-0121(94)90003-5},
url={https://www.scopus.com/inward/record.uri?eid=2-s2.0-0001083325&doi=10.1016%2f0038-0121%2894%2990003-5&partnerID=40&md5=e691a87dcfac04c01a2b2be81df52e67},
}

@ARTICLE{Revelle1988143,
author={Revelle, C and Hogan, K},
title={A reliability-constrained siting model with local estimates of busy fractions},
journal={Environment \& Planning B: Planning \& Design},
year={1988},
volume={15},
number={2},
pages={143-152},
doi={10.1068/b150143},
url={https://www.scopus.com/inward/record.uri?eid=2-s2.0-0023781373&doi=10.1068%2fb150143&partnerID=40&md5=77627a3ad02ffe4ab53246675cbceb40},
}


@article{palmer2019ciw,
  title={Ciw: An open-source discrete event simulation library},
  author={Palmer, GI and Knight, VA and Harper, PR and Hawa, AL},
  journal={Journal of Simulation},
  volume={13},
  number={1},
  pages={68--82},
  year={2019},
  publisher={Taylor \& Francis}
}

@article{brailsfordetal19,
  title={Hybrid simulation modelling in operational research: A state-of-the-art review},
  author={Brailsford, SC and Eldabi, T and Kunc, M and Mustafee, N and Osorio, AF},
  journal={European Journal of Operational Research},
  volume={278},
  number={3},
  pages={721--737},
  year={2019},
  publisher={Elsevier}
}

@article{morganetal17,
  title={A toolkit of designs for mixing discrete event simulation and system dynamics},
  author={Morgan, JS and Howick, S and Belton, V},
  journal={European Journal of Operational Research},
  volume={257},
  number={3},
  pages={907--918},
  year={2017},
  publisher={Elsevier}
}



@article{BriceSyaribahNoor2022Esui,
issn = {1472-6963},
journal = {BMC health services research},
language = {eng},
number = {1},
pages = {639-639},
publisher = {BioMed Central Ltd},
title = {{Emergency services utilization in Jakarta (Indonesia): a cross-sectional study of patients attending hospital emergency departments}},
volume = {22},
year = {2022},
author = {Brice, SN and Boutilier, JJ and Gartner, D and Harper, PR and Knight, VA and Lloyd, J and Pusponegoro, AD and Rini, AP and Turnbull-Ross, J and Tuson, M},
address = {England},
copyright = {2022. The Author(s).},
}

@book{pidd2004computer,
  title={Computer simulation in management science},
  author={Pidd, M},
  number={5th},
  year={2004},
  publisher={John Wiley and Sons Ltd}
}

@article{amorim2019integrated,
  title={An integrated approach for strategic and tactical decisions for the emergency medical service: Exploring optimization and metamodel-based simulation for vehicle location},
  author={Amorim, M and Antunes, F and Ferreira, s and Couto, A},
  journal={Computers \& Industrial Engineering},
  volume={137},
  pages={106057},
  year={2019},
  publisher={Elsevier}
}

@article{pusponegoro2003terrorism,
  title={Terrorism in Indonesia},
  author={Pusponegoro, AD},
  journal={Prehospital and disaster medicine},
  volume={18},
  number={2},
  pages={100--105},
  year={2003},
  publisher={Cambridge University Press}
}

@article{ciw233, title={CiwPython/Ciw: v2.3.3}, DOI={10.5281/zenodo.7407301}, abstractNote={<p>Released on 07/12/2022.</p>}, publisher={Zenodo}, author={{The Ciw library developers.}}, year={2022}, month={Dec} }

@article{RubinsteinReuven1999TCMf,
number = {2},
pages = {127-},
publisher = {Springer},
title = {The Cross-Entropy Method for Combinatorial and Continuous Optimization},
volume = {1},
year = {1999},
author = {Rubinstein, R},
address = {New York},
copyright = {COPYRIGHT 1999 Springer},
issn = {1387-5841},
journal = {Methodology and computing in applied probability},
keywords = {Algorithms ; Analysis ; Entropy ; Markov analysis ; Mathematical models ; Methods ; Monte Carlo method ; Optimization ; Studies},
language = {eng},
}

@article{deBoerPieter-Tjerk2005ATot,
number = {1},
pages = {19-67},
publisher = {Springer Nature},
title = {A Tutorial on the Cross-Entropy Method},
volume = {134},
year = {2005},
abstract = {The cross-entropy (CE) method is a new generic approach to combinatorial and multi-extremal optimization and rare event simulation. The purpose of this tutorial is to give a gentle introduction to the CE method. We present the CE methodology, the basic algorithm and its modiï¿½ï¿½?cations, and discuss applications in combinatorial optimization and machine learning.},
author = {de Boer, PT and Kroese, DP and Mannor, S and Rubinstein, RY},
address = {DORDRECHT},
copyright = {info:eu-repo/semantics/restrictedAccess},
issn = {0254-5330},
journal = {Annals of operations research},
keywords = {Artificial intelligence ; Cross-entropy method ; Entropy ; Machine learning ; Methods ; Monte Carlo simulation ; Operations Research & Management Science ; Optimization ; Randomized optimization ; Rare events ; Science & Technology ; Studies ; Technology},
language = {eng},
}

%Jakarta
@Book{BPS_Jakarta,
author = "{{Badan Pusat Statistik Provinsi DKI Jakarta}}",
title = "Analisis Profil Penduduk Provinsi DKI Jakarta: mendeskripsikan Peran Penduduk dalam Pembangunan",
publisher = "Badan Pusat Statistik provinsi DKI Jakarta",
location = "Jakarta",
year = "2023",
}

@article{MCormack2015,
  title={A simulation model to enable the optimization of ambulance fleet allocation and base station location for increased patient survival},
  author={McCormack, R and Coates, G},
  journal={European Journal of Operational Research},
  volume={247},
  number={1},
  pages={294--309},
  year={2015},
  publisher={Elsevier}
}

@article{boutilier2022drone,
  title={Drone network design for cardiac arrest response},
  author={Boutilier, JJ and Chan, TCY},
  journal={Manufacturing \& Service Operations Management},
  volume={24},
  number={5},
  pages={2407--2424},
  year={2022},
  publisher={INFORMS}
}

@Book{BPS_Jakarta_angka,
author = "{{Badan Pusat Statistik Provinsi DKI Jakarta}}",
title = "DKI Jakarta Province in Figures",
publisher = "Badan Pusat Statistik provinsi DKI Jakarta",
location = "Jakarta",
year = "2020",
No = "31560.2001",
}

@Book{BPS_Jakarta_migrasi,
author = "{{Badan Pusat Statistik Provinsi DKI Jakarta}}",
title = "Migrasi Penduduk JABOTABEK 2001",
publisher = "Badan Pusat Statistik provinsi DKI Jakarta",
location = "Jakarta",
year = "2001",
No = "31520.01",
}

%EMS

@article{csan2021effects,
  title={Effects of COVID-19 pandemic on emergency medical services},
  author={{\c{S}}an, {\.I} and Usul, E and Bekg{\"o}z, B and Korkut, S},
  journal={International Journal of Clinical Practice},
  volume={75},
  number={5},
  pages={e13885},
  year={2021},
  publisher={Wiley Online Library}
}

@article{azbel2021effects,
  title={Effects of the COVID-19 pandemic on trauma-related emergency medical service calls: a retrospective cohort study},
  author={Azbel, M and Hein{\"a}nen, M and L{\"a}{\"a}peri, M and Kuisma, M},
  journal={BMC emergency medicine},
  volume={21},
  number={1},
  pages={1--10},
  year={2021},
  publisher={BioMed Central}
}

@article{holmen2020shortening,
  title={Shortening ambulance response time increases survival in out-of-hospital cardiac arrest},
  author={Holm{\'e}n, J and Herlitz, J and Ricksten, S and Str{\"o}ms{\"o}e, A and Hagberg, E and Axelsson, C and Rawshani, A},
  journal={Journal of the American Heart Association},
  volume={9},
  number={21},
  pages={e017048},
  year={2020},
  publisher={Am Heart Assoc}
}

@article{hooper2019_datacollection,
author = {Hooper, C and Ranse, J and Hutton, A},
title ={How is Ambulance Patient Care and Response Time Data Collected and Reported in Malaysia and Indonesia?},
journal = {Australasian Journal of Paramedicine},
volume = {16},
number = {},
pages = {1-8},
year = {2019},
doi = {10.33151/ajp.16.683},
URL = {https://doi.org/10.33151/ajp.16.683},
eprint = { https://doi.org/10.33151/ajp.16.683}
}

@article{birmingham2021trends,
  title={Trends in ambulance transports and costs among Medicare beneficiaries, 2007--2018},
  author={Birmingham, LE and Arens, A and Longinaker, N and Kummet, C},
  journal={The American Journal of Emergency Medicine},
  volume={47},
  pages={205--212},
  year={2021},
  publisher={Elsevier}
}

@article{lowthian2011increasing,
  title={Increasing utilisation of emergency ambulances},
  author={Lowthian, JA and Cameron, PA and Stoelwinder, JU and Curtis, A and Currell, A and Cooke, MW and McNeil, JJ},
  journal={Australian Health Review},
  volume={35},
  number={1},
  pages={63--69},
  year={2011},
  publisher={CSIRO Publishing}
}

@article{roudsari2007emergency,
  title={Emergency Medical Service (EMS) systems in developed and developing countries},
  author={Roudsari, B.S. and Nathens, A.B. and Arreola-Risa, C. and Cameron, P. and Civil, I. and Grigoriou, G. and Gruen, R.L. and Koepsell, T.D. and Lecky, F.E. and Lefering, Rolf L. and others},
  journal={Injury},
  volume={38},
  number={9},
  pages={1001--1013},
  year={2007},
  publisher={Elsevier}
}

@article{yusvirazi2018state,
  title={{State of emergency medicine in Indonesia}},
  author={Yusvirazi, L. and Ramlan, A.A.W. and Hou, P.C.},
  journal={Emergency Medicine Australasia},
  volume={30},
  number={6},
  pages={820--826},
  year={2018},
  publisher={Wiley Online Library}
}

@ARTICLE{2020SciPy-NMeth,
  author  = {Virtanen, P. and Gommers, R. and Oliphant, T.E. and
            Haberland, M. and Reddy, T. and Cournapeau, D. and
            Burovski, E. and Peterson, P. and Weckesser, W. and
            Bright, J. and {van der Walt}, S.J. and
            Brett, M. and Wilson, J. and Millman, K.J. and
            Mayorov, N. and Nelson, A.R.J. and Jones, E. and
            Kern, R. and Larson, E. and Carey, C.J. and
            Polat, {\.I}. and Feng, Y. and Moore, E.W. and
            {VanderPlas}, J. and Laxalde, D. and Perktold, J. and
            Cimrman, R. and Henriksen, I. and Quintero, E.A. and
            Harris, C.R. and Archibald, A.M. and
            Ribeiro, A.H. and Pedregosa, F. and
            {van Mulbregt}, P. and {SciPy 1.0 Contributors}},
  title   = {{{SciPy} 1.0: Fundamental Algorithms for Scientific
            Computing in Python}},
  journal = {Nature Methods},
  year    = {2020},
  volume  = {17},
  pages   = {261--272},
  adsurl  = {https://rdcu.be/b08Wh},
  doi     = {10.1038/s41592-019-0686-2},
}

@article{lewisshedler79,
author = {Lewis, P.A.W. and Shedler, G.S.},
title = {Simulation of nonhomogeneous poisson processes by thinning},
journal = {Naval Research Logistics Quarterly},
volume = {26},
number = {3},
pages = {403-413},
doi = {https://doi.org/10.1002/nav.3800260304},
year = {1979}
}

@article{zenodo_opt,
  title={drvinceknight/HeterogeneousAmbulanceFleetAllocations: v1.0.0},
  DOI={10.5281/zenodo.8246116},
  abstractNote={<p>First release prior to submission of paper.</p>},
  publisher={Zenodo},
  author={Knight, V.A. and Palmer, G.I.},
  year={2023},
  month={Aug}
}

@article{zenodo_sim,
  title={MarkTuson/ambulance\_simulation: v1.0.0},
  DOI={10.5281/zenodo.8273652},
  publisher={Zenodo},
  author={Palmer, G.I. and Tuson, M.},
  year={2023},
  month={Aug}
}

@article{aboueljinane13,
  title={A review on simulation models applied to emergency medical service operations},
  author={Aboueljinane, L. and Sahin, E. and Jemai, Z.},
  journal={Computers \& Industrial Engineering},
  volume={66},
  number={4},
  pages={734--750},
  year={2013},
  publisher={Elsevier}
}

@article{hendersonmason04,
  title={Ambulance service planning: simulation and data visualisation},
  author={Henderson, S.G. and Mason, A.J.},
  journal={Operations research and health care: a handbook of methods and applications},
  pages={77--102},
  year={2004},
  publisher={Springer}
}

@article{mukhopadhyay22,
  title={A review of incident prediction, resource allocation, and dispatch models for emergency management},
  author={Mukhopadhyay, A. and Pettet, G. and Vazirizade, S.M. and Lu, D. and Jaimes, A. and El Said, S. and Baroud, H. and Vorobeychik, Y. and Kochenderfer, M. and Dubey, A.},
  journal={Accident Analysis \& Prevention},
  volume={165},
  pages={106501},
  year={2022},
  publisher={Elsevier}
}

@article{schmiddoerner10,
  title={Ambulance location and relocation problems with time-dependent travel times},
  author={Schmid, V. and Doerner, K.F.},
  journal={European journal of operational research},
  volume={207},
  number={3},
  pages={1293--1303},
  year={2010},
  publisher={Elsevier}
}

@article{horn00,
  title={Efficient modeling of travel in networks with time-varying link speeds},
  author={Horn, M.E.T.},
  journal={Networks: An International Journal},
  volume={36},
  number={2},
  pages={80--90},
  year={2000},
  publisher={Wiley Online Library}
}

@article{belanger20,
  title={A recursive simulation-optimization framework for the ambulance location and dispatching problem},
  author={B{\'e}langer, V. and Lanzarone, E. and Nicoletta, V. and Ruiz, A. and Soriano, P.},
  journal={European Journal of Operational Research},
  volume={286},
  number={2},
  pages={713--725},
  year={2020},
  publisher={Elsevier}
}

@article{kergosien15,
  title={A generic and flexible simulation-based analysis tool for EMS management},
  author={Kergosien, Y and B{\'e}langer, V and Soriano, P and Gendreau, M and Ruiz, A},
  journal={International Journal of Production Research},
  volume={53},
  number={24},
  pages={7299--7316},
  year={2015},
  publisher={Taylor \& Francis}
}


@article{torodiaz13,
  title={Joint location and dispatching decisions for emergency medical services},
  author={Toro-D{\'i}az, H and Mayorga, ME and Chanta, S and McLay, LA},
  journal={Computers \& industrial engineering},
  volume={64},
  number={4},
  pages={917--928},
  year={2013},
  publisher={Elsevier}
}

@article{torodiaz15,
  title={Reducing disparities in large-scale emergency medical service systems},
  author={Toro-D{\'i}az, H and Mayorga, ME and McLay, LA and Rajagopalan, HK and Saydam, C},
  journal={Journal of the Operational Research Society},
  volume={66},
  number={7},
  pages={1169--1181},
  year={2015},
  publisher={Taylor \& Francis}
}


@article{daskin83,
  title={A maximum expected covering location model: formulation, properties and heuristic solution},
  author={Daskin, MS},
  journal={Transportation science},
  volume={17},
  number={1},
  pages={48--70},
  year={1983},
  publisher={INFORMS}
}